<record><leader>00000cas a2200000 a 4500</leader><controlfield tag="001">13222839</controlfield><controlfield tag="008">860303d19851987ncucr ne      0   a0eng d</controlfield><datafield ind1=" " ind2=" " tag="010"><subfield code="a">sn 97064562 </subfield></datafield><datafield ind1=" " ind2=" " tag="040"><subfield code="a">NCS</subfield><subfield code="b">eng</subfield><subfield code="c">NCS</subfield><subfield code="d">OCL</subfield><subfield code="d">NVJ</subfield><subfield code="d">OCL</subfield><subfield code="d">OCLCQ</subfield></datafield><datafield ind1=" " ind2=" " tag="032"><subfield code="a">371460</subfield><subfield code="b">USPS</subfield></datafield><datafield ind1=" " ind2=" " tag="042"><subfield code="a">msc</subfield></datafield><datafield ind1="0" ind2=" " tag="130"><subfield code="a">Graphic (Nashville, N.C. : 1985)</subfield></datafield><datafield ind1="1" ind2="4" tag="245"><subfield code="a">The graphic.</subfield></datafield><datafield ind1=" " ind2=" " tag="260"><subfield code="a">Nashville, N.C. :</subfield><subfield code="b">Graphic Publications</subfield></datafield><datafield ind1=" " ind2=" " tag="300"><subfield code="a">v. :</subfield><subfield code="b">ill. ;</subfield><subfield code="c">58 cm.</subfield></datafield><datafield ind1=" " ind2=" " tag="310"><subfield code="a">Semiweekly</subfield></datafield><datafield ind1="0" ind2=" " tag="362"><subfield code="a">Vol. 91, no. 1 (Jan. 3, 1985)-v. 93, no. 102 (Dec. 31, 1987).</subfield></datafield><datafield ind1=" " ind2=" " tag="500"><subfield code="a">Independent.</subfield></datafield><datafield ind1=" " ind2=" " tag="752"><subfield code="a">United States</subfield><subfield code="b">North Carolina</subfield><subfield code="c">Nash</subfield><subfield code="d">Nashville.</subfield></datafield><datafield ind1="0" ind2="0" tag="780"><subfield code="t">Nashville graphic (Nashville, N.C. : 1941)</subfield><subfield code="w">(DLC)sn 92073198</subfield></datafield><datafield ind1="0" ind2="0" tag="785"><subfield code="t">Nashville graphic (Nashville, N.C. : 1988)</subfield><subfield code="w">(DLC)sn 96002278</subfield><subfield code="w">(OCoLC)17344838</subfield></datafield><datafield ind1=" " ind2=" " tag="936"><subfield code="a">Nov. 1, 1985</subfield></datafield><datafield ind1="1" ind2=" " tag="029"><subfield code="a">AU@</subfield><subfield code="b">000013538945</subfield></datafield></record>